@article{Bayerlein2018,
title = "Transient development of residual stresses in laser beam melting â€“ A neutron diffraction study",
journal = "Additive Manufacturing",
volume = "24",
pages = "587 - 594",
year = "2018",
issn = "2214-8604",
doi = "https://doi.org/10.1016/j.addma.2018.10.024",
author = "F. Bayerlein and F. Bodensteiner and C. Zeller and M. Hofmann and M.F. Zaeh",
keywords = "Laser beam melting, Residual stresses, Neutron diffraction, Inconel 718"
}
@CONFERENCE{Reinhart2009385,
author={Reinhart, G. and Krebs, P. and Zaeh, M.F.},
title={Fuzzy-logic-based integration of qualitative uncertainties into monetary factory-evaluations},
journal={2009 IEEE International Conference on Control and Automation, ICCA 2009},
year={2009},
pages={385-391},
doi={https://doi.org/10.1109/ICCA.2009.5410328},
art_number={5410328},
document_type={Conference Paper},
source={Scopus},
}
@ARTICLE{Zaeh2018621,
author={Zaeh, M.F.},
title={Special issue on active and passive vibration damping in machine tools},
journal={International Journal of Automation Technology},
year={2018},
volume={12},
number={5},
pages={621},
doi={10.20965/ijat.2018.p0621},
document_type={Editorial},
source={Scopus},
}
@ARTICLE{Zaeh2018385,
author={Zaeh, M.F. and Pieczona, S.J.},
title={Adaptive inverse control of a galvanometer scanner considering the structural dynamic behavior},
journal={CIRP Annals},
year={2018},
volume={67},
number={1},
pages={385-388},
doi={10.1016/j.cirp.2018.04.063},
document_type={Article},
source={Scopus},
}
@CONFERENCE{Bayerlein2016469,
	author={Bayerlein, F. and Zeller, C. and Wunderer, M. and Weirather, J. and Schmid, M. and Seidel, C. and Zaeh, M.F. and Hessert, R. and Schlick, G. and Uihlein, T. and Hofmann, M.},
	title={Validation of modeling assumptions for the buildup simulation of laser beam melting on the basis of the residual stress distribution},
	journal={ECCOMAS Congress 2016 - Proceedings of the 7th European Congress on Computational Methods in Applied Sciences and Engineering},
	year={2016},
	volume={1},
	pages={469-479},
	doi={10.7712/100016.1829.10184},
	document_type={Conference Paper},
	source={Scopus},
}
@ARTICLE{Kleinwort2018658,
	author={Kleinwort, R. and Weishaupt, P. and Zaeh, M.F.},
	title={Simulation-based dimensioning of the required actuator force for active vibration control},
	journal={International Journal of Automation Technology},
	year={2018},
	volume={12},
	number={5},
	pages={658-668},
	doi={10.20965/ijat.2018.p0658},
	document_type={Article},
	source={Scopus},
}
@CONFERENCE{Kleinwort20189,
	author={Kleinwort, R. and Semm, T. and Falger, P.M. and Zaeh, M.F.},
	title={Integration of an Android Application into the Learning Factory for Optimized Machining},
	journal={Procedia Manufacturing},
	year={2018},
	volume={23},
	pages={9-14},
	doi={10.1016/j.promfg.2018.03.153},
	document_type={Conference Paper},
	source={Scopus},
}
@ARTICLE{Kleinwort2018631,
	author={Kleinwort, R. and Platz, J. and Zaeh, M.F.},
	title={Adaptive active vibration control for machine tools with highly position-dependent dynamics},
	journal={International Journal of Automation Technology},
	year={2018},
	volume={12},
	number={5},
	pages={631-641},
	doi={10.20965/ijat.2018.p0631},
	document_type={Article},
	source={Scopus},
}
@online{Heuss2018,
	author = {Heuss, L . and Roder, S.},
	year = {2018},
	title = {Trends der Robotik},
	url = {https://www.handling.de/robotertechnik/forobotics---trends-der-robotik.htm},
	urldate = {2019-02-10},
}
@online{iwb-Startseite,
	title = {iwb-Startseite},
	url = {http://www.mw.tum.de/startseite/},
	urldate = {2019-02-10},
}
@book{ISO.10218-2,
	title={DIN ISO EN 10218-2},
	date = {2012},
	subtitle = {Industrieroboter - Sicherheitsanforderungen - Teil 2: Robotersysteme und Integration (ISO 10218-2:2011)},
	address = {Berlin},
	publisher = {{Beuth Verlag GmbH}},
	doi = {10.31030/1626163}
}